% Encoding: UTF-8

@book{Pollefliet2011,
  author = {Pollefliet, Leen},
  title = {Schrijven van verslag tot eindwerk: do's en don'ts},
  year = {2011},
  publisher = {Academia Press},
  address = {Gent}
}

@Misc{Scribbr2019,
  author = {{Scribbr B.V.}},
  title  = {{Scribbr - Meest Complete Nakijkservice voor jouw Scriptie of Verslag}},
  month  = feb,
  year   = {2019},
  url    = {https://www.scribbr.nl/},
}

@Misc{MWST2018,
  author    = {{Microsoft Windows Server Team}},
  title     = {{Introducing Windows Server 2019 â€“ now available in preview}},
  month     = mar,
  year      = {2018},
  timestamp = {2019-02-10},
  url       = {https://cloudblogs.microsoft.com/windowsserver/2018/03/20/introducing-windows-server-2019-now-available-in-preview/},
}

@Article{Yao2014,
  author    = {Qin Yao and Xiong Han and Xi-Kun Ma and Yi-Feng Xue and Yi-Jun Chen and Jing-Song Li},
  title     = {{Cloud-Based Hospital Information System as a Service for Grassroots Healthcare Institutions}},
  journal   = {Journal of Medical Systems},
  year      = {2014},
  volume    = {38},
  number    = {9},
  month     = jul,
  doi       = {10.1007/s10916-014-0104-3},
  publisher = {Springer Nature},
}

@TechReport{Mell2011,
  author      = {Peter Mell and Timothy Grance},
  title       = {The {NIST} definition of cloud computing},
  institution = {National Institute of Standards and Technology},
  year        = {2011},
  type        = {techreport},
  month       = sep,
  doi         = {10.6028/nist.sp.800-145},
  url         = {https://nvlpubs.nist.gov/nistpubs/Legacy/SP/nistspecialpublication800-145.pdf},
}

@Article{Singh2012,
  author    = {Swarnpreet Singh and Tarun Jangwal},
  title     = {{Cost breakdown of Public Cloud Computing and Private Cloud Computing and Security Issues}},
  journal   = {International Journal of Computer Science and Information Technology},
  year      = {2012},
  volume    = {4},
  number    = {2},
  pages     = {17--31},
  month     = apr,
  doi       = {10.5121/ijcsit.2012.4202},
  publisher = {Academy and Industry Research Collaboration Center ({AIRCC})},
}

@Article{Ren2012,
  author    = {Kui Ren and Cong Wang and Qian Wang},
  title     = {{Security Challenges for the Public Cloud}},
  journal   = {{IEEE} Internet Computing},
  year      = {2012},
  volume    = {16},
  number    = {1},
  pages     = {69--73},
  month     = jan,
  doi       = {10.1109/mic.2012.14},
  publisher = {Institute of Electrical and Electronics Engineers ({IEEE})},
}

@Article{Hofmann2010,
  author    = {Paul Hofmann and Dan Woods},
  title     = {{Cloud Computing: The Limits of Public Clouds for Business Applications}},
  journal   = {{IEEE} Internet Computing},
  year      = {2010},
  volume    = {14},
  number    = {6},
  pages     = {90--93},
  month     = nov,
  doi       = {10.1109/mic.2010.136},
  publisher = {Institute of Electrical and Electronics Engineers ({IEEE})},
}

@Misc{Tsai2016,
  author = {Peter Tsai},
  title  = {{Server Virtualization and OS Trends}},
  month  = aug,
  year   = {2016},
  note   = {[Online; posted 30-August-2016]},
  url    = {https://community.spiceworks.com/networking/articles/2462-server-virtualization-and-os-trends},
}

@Misc{MicrosoftEOL2019,
  title = {{Microsoft Lifecycle Policy}},
  note  = {Accessed: 2019-02-14},
  url   = {https://support.microsoft.com/en-hk/lifecycle/search?alpha=Windows%20Server},
}

@Book{Sarna2010,
  title     = {{Implementing and Developing Cloud Computing Applications}},
  publisher = {Auerbach Publications},
  year      = {2010},
  author    = {Sarna, David E. Y.},
  isbn      = {1439830827},
  date      = {2010-11-26},
  ean       = {9781439830826},
  pagetotal = {344},
  url       = {https://www.ebook.de/de/product/11419455/david_e_y_sarna_implementing_and_developing_cloud_computing_applications.html},
}

@Comment{jabref-meta: databaseType:bibtex;}
