% Encoding: UTF-8

@Report{S.Chauhan2015,
  author      = {Chauhan Shailendra},
  title       = {Infosys migrates from SQL server 2012 to SQL 2016},
  type        = {Case Study},
  institution = {Microsoft},
  year        = {2015},
  date        = {2015-09},
  url         = {https://ms-f1-sites-01-cdn.azureedge.net/docs/stories/infosyssql/resources/aa28c7fe-408e-421f-baa7-8e0bc9db1c00/infosys_sql_case_study.pdf},
}

@Online{Gerend2018,
  author = {Jason Gerend and Liza Poggemeyer and Corey Plett and Michael C. Bazarewsky and Thomas Lee and Lars Iwer and Jens Du Four},
  title  = {What's new in Windows Server 2019},
  year   = {2018},
  date   = {2018-12-21},
  url    = {https://docs.microsoft.com/en-us/windows-server/get-started-19/whats-new-19},
}

@Online{Pacquer2018,
  author = {Ken Pacquer and Liza Poggemeyer and Corey Plett},
  title  = {Server Core App Compatibility Feature on Demand (FOD)},
  year   = {2018},
  date   = {2018-12-19},
  url    = {https://docs.microsoft.com/nl-be/windows-server/get-started-19/install-fod-19},
}

@Article{Verizon2018,
  author    = {Steve Mansfield-Devine},
  title     = {2018 Data Breach Investigations Report: the year of ransomware},
  journal   = {Computer Fraud {\&} Security},
  year      = {2018},
  editor    = {Steve Mansfield-Devine},
  volume    = {2018},
  number    = {5},
  month     = {5},
  pages     = {4},
  doi       = {10.1016/s1361-3723(18)30040-x},
  url       = {https://enterprise.verizon.com/resources/reports/DBIR_2018_Report.pdf},
  publisher = {Elsevier {BV}},
}

@Online{MWST2018,
  author    = {{Microsoft Windows Server Team}},
  title     = {{Introducing Windows Server 2019 â€“ now available in preview}},
  year      = {2018},
  url       = {https://cloudblogs.microsoft.com/windowsserver/2018/03/20/introducing-windows-server-2019-now-available-in-preview/},
  note      = {[Online; accessed February 15, 2019]},
  month     = mar,
  timestamp = {2019-02-10},
}

@Comment{jabref-meta: databaseType:biblatex;}
